<?xml version="1.0" encoding="UTF-8"?><collection xmlns="http://www.loc.gov/MARC21/slim"><record><leader>00412nam--2200133-i-4500</leader><controlfield tag="001">000003498</controlfield><controlfield tag="002">20161230</controlfield><controlfield tag="005">20161230201025</controlfield><controlfield tag="008">060222s1000------------r-----000-0-eng-d</controlfield><datafield ind1=" " ind2=" " tag="100"><subfield code="a">Bruggengate, Paul</subfield></datafield><datafield ind1=" " ind2=" " tag="245"><subfield code="a">Astronomie, astrophysik und kosmogonie</subfield></datafield><datafield ind1=" " ind2=" " tag="260"><subfield code="a">Wiesbaden, Dietrich Sche Verlagsgesellschaft Inhaber W.Klemm, /1948/ 4 F. 441 P</subfield></datafield><datafield ind1=" " ind2=" " tag="490"><subfield code="a">Naturforschung Und Medizin In Deutschland</subfield></datafield><datafield ind1=" " ind2=" " tag="852"><subfield code="a">712</subfield></datafield></record></collection>